http://www.nytimes.com/2015/03/08/opinion/sunday/if-an-algorithm-wrote-this-how-would-you-even-know.html?_r=0
@article{ RobotJournalist,
       author = "Christer Clerwall",
       title = "Enter the robot journalist",
       journal = {Journalism Practice},
  year    = 2014,
  number  = 5,
  pages   = {519-531},
  volume  = 8
}
       
@article{ LSTMarticle,
	author = "Sepp Hochreiter and Jurgen Schmidhuber",
	title = "Long Short-Term Memory",
	journal = {Neural Computation},
	year    = 1997,
	number  = 9,
	pages   = {1735-1780},
	volume  = 8
}
       
@online{Smmry,
  author = {Smmry},
  title = {About},
  year = 2016,
  url = {http://smmry.com/about},
  urldate = {2016-04-26}
}

@online{tifu,
  author = {Reddit},
  title = {Tifu},
  year = 2016,
  url = {https://www.reddit.com/r/tifu},
  urldate = {2016-04-26}
}

@online{alexa,
  author = {Alexa},
  title = {Website statistics},
  year = 2016,
  url = {http://www.alexa.com/siteinfo/reddit.com},
  urldate = {2016-04-26}
}

@online{redditAPI,
  author = {Reddit},
  title = {API Documentation},
  year = 2016,
  url = {https://www.reddit.com/dev/api},
  urldate = {2016-04-26}
}

@online{LSTM,
  author = {Christopher Olah},
  title = {Understanding LSTM Networks},
  year = 2016,
  url = {http://colah.github.io/posts/2015-08-Understanding-LSTMs/},
  urldate = {2016-04-26}
}

@article{griffiths2002gibbs,
  title={Gibbs sampling in the generative model of latent dirichlet allocation},
  author={Griffiths, Tom},
  year={2002},
  publisher={Citeseer}
}
â€‹
@article{blei2003latent,
  title={Latent dirichlet allocation},
  author={Blei, David M and Ng, Andrew Y and Jordan, Michael I},
  journal={the Journal of machine Learning research},
  volume={3},
  pages={993--1022},
  year={2003},
  publisher={JMLR. org}
}

@online{NLTK,
  author = {Bird, Steven, Edward Loper and Ewan Klein},
  title = {Natural Language Processing with Python},
  year = 2009,
  url = {http://www.nltk.org/},
  urldate = {2016-05-19}
}




@online{PTB,
  title = {Penn Treebank Project},
  year = 2016,
  url = {https://www.cis.upenn.edu/~treebank/},
  urldate = {2016-05-19}
}

@online{TensorFlow,
  title = {Tensor Flow, Recurrent Neural Networks},
  year = 2016,
  url = {https://www.tensorflow.org/versions/r0.8/tutorials/recurrent/index.html#introduction},
  urldate = {2016-05-19}
}

@article{Zaremba14,
  author    = {Wojciech Zaremba and
               Ilya Sutskever and
               Oriol Vinyals},
  title     = {Recurrent Neural Network Regularization},
  journal   = {CoRR},
  volume    = {abs/1409.2329},
  year      = {2014},
  url       = {http://arxiv.org/abs/1409.2329},
  timestamp = {Wed, 01 Oct 2014 15:00:04 +0200},
  biburl    = {http://dblp.uni-trier.de/rec/bib/journals/corr/ZarembaSV14},
  bibsource = {dblp computer science bibliography, http://dblp.org}
}

@inproceedings{chen1996empirical,
  title={An empirical study of smoothing techniques for language modeling},
  author={Chen, Stanley F and Goodman, Joshua},
  booktitle={Proceedings of the 34th annual meeting on Association for Computational Linguistics},
  pages={310--318},
  year={1996},
  organization={Association for Computational Linguistics}
}

@book{AiModernApproach,
 author = {Russell, Stuart J. and Norvig, Peter},
 title = {Artificial Intelligence: A Modern Approach},
 year = {2003},
 isbn = {0137903952},
 edition = {2},
 publisher = {Pearson Education},
} 



 